@ARTICLE{bowman:reasoning,
	AUTHOR = "Mic Bowman and Saumya K. Debray and Larry L. Peterson",
	TITLE = "Reasoning About Naming Systems",
	JOURNAL = "ACM Trans. Program. Lang. Syst.",
	VOLUME = {15},
	NUMBER = {5},
	PAGES = {795-825},
	MONTH = "November",
	YEAR = {1993}	}

@techreport{bettenburg:2007:tr,
    title = "What Makes a Good Bug Report?",
    author = "Nicolas Bettenburg and Sascha Just and Adrian Schr{\"o}ter and Cathrin Weiss and Rahul Premraj and Thomas
Zimmermann",
    year = "2007",
    month = "September",
    institution = "Universität des Saarlandes, Saarbrücken, Germany",
}

@article{frost:2007:IEEESoftware,
	Author = {Randall Frost},
	Journal = {IEEE Software},
	Number = {06},
	Pages = {114-117},
	Title = {{Jazz and the Eclipse Way of Collaboration}},
	Volume = {24},
	Year = {2007}}
	
@url{IBM:2008:url,
	TITLE = {{IBM Rational Jazz}},
	author = {},
	howpublished = {http://jazz.net/},
	year = {2008},
	month = {09},
	note = {},
}


@article{Cheng:2003:ACMQueue,
	Author = {Li-Te Cheng and Cleidson R. B. de Souza and Susanne Hupfer and John Patterson and Steven Ross},
	Journal = {ACM Queue},
	Number = {9},
	Title = {{Building Collaboration into IDEs}},
	Volume = {1},
	Month = {12},
	Year = {2003}}
		
@inproceedings{Nguyen:2008:ICGSE,
	Author = {Thanh Nguyen and Timo Wolf and Daniela Damian},
	Booktitle = {{Proceedings of the 3rd International Conference on Global Software Engineering (ICGSE 2008)}},
	Month = {August},
	Publisher = {IEEE Computer Society},
	Title = {{Global software development and delay: Does distance still matter?}},
	Year = {2008}}

@inproceedings{msr08,
 author = {Michele Lanza and Michael W. Godfrey and Sunghun Kim},
 title = {MSR 2008 - 5th working conference on mining software repositories},
 booktitle = {ICSE Companion '08: Companion of the 30th international conference on Software engineering},
 year = {2008},
 isbn = {978-1-60558-079-1},
 pages = {1037--1038},
 location = {Leipzig, Germany},
 doi = {http://doi.acm.org/10.1145/1370175.1370235},
 publisher = {ACM},
 address = {New York, NY, USA},
 }

@inproceedings{cubranic:2003:icse,
 author = {Davor \v{C}ubrani\'{c} and Gail C. Murphy},
 title = {Hipikat: recommending pertinent software development artifacts},
 booktitle = {ICSE '03: Proceedings of the 25th International Conference on Software Engineering},
 year = {2003},
 isbn = {0-7695-1877-X},
 pages = {408--418},
 location = {Portland, Oregon},
 publisher = {IEEE Computer Society},
 address = {Washington, DC, USA},
 }
 
 @article{Battin:2001tb,
 	Author = {Robert D. Battin and Ron Crocker and Joe Kreidler and K. Subramanian},
 	Journal = {IEEE Software},
 	Month = {March/April},
 	Pages = {70-77},
 	Title = {{Leveraging Resources in Global Software Development}},
	Year = {2001}}

@article{Herbsleb:2003oo,
	Author = {James D. Herbsleb and Audris Mockus},
	Journal = {IEEE Transactions on Software Engineering},
	Month = {June},
	Number = {6},
	Pages = {481--494},
	Title = {{An Empirical Study of Speed and Communication in Globally Distributed Software Development}},
	Volume = {29},
	Year = {2003}}	


@inproceedings{Bird:2006:MSR,
 	author = {Christian Bird and Alex Gourley and Prem Devanbu and Michael Gertz and Anand Swaminathan},
 	title = {{Mining email social networks}},
 	booktitle = {MSR '06: Proceedings of the 2006 international workshop on Mining software repositories},
 	year = {2006},
 	isbn = {1-59593-397-2},
	 pages = {137--143},
 	location = {Shanghai, China},
 	doi = {http://doi.acm.org/10.1145/1137983.1138016},
 	publisher = {ACM},
 	address = {New York, NY, USA},
 }
 
 @inproceedings{Cataldo:2006:CSCW,
 	Author = {Marcelo Cataldo and Patrick A. Wagstrom and James D. Herbsleb and Kathleen M. Carley},
 	Booktitle = {CSCW '06: Proceedings of the 2006 20th anniversary conference on Computer supported cooperative work},
 	Title = {{Identification of coordination requirements: implications for the Design of collaboration and awareness tools}},
	Year = {2006}}
