@ARTICLE{bowman:reasoning,
	AUTHOR = "Mic Bowman and Saumya K. Debray and Larry L. Peterson",
	TITLE = "Reasoning About Naming Systems",
	JOURNAL = "ACM Trans. Program. Lang. Syst.",
	VOLUME = {15},
	NUMBER = {5},
	PAGES = {795-825},
	MONTH = "November",
	YEAR = {1993}	}

@ARTICLE{braams:babel,
	AUTHOR = "Johannes Braams",
	TITLE = "Babel, a Multilingual Style-Option System for Use with LaTeX's Standard Document Styles",
	JOURNAL = {TUGboat},
	VOLUME = {12},
	NUMBER = {2},
	PAGES = {291-301},
	MONTH = "June",
	YEAR = {1991}	}

@INPROCEEDINGS{clark:pct,
	AUTHOR = "Malcolm Clark",
	TITLE = "Post Congress Tristesse",
	BOOKTITLE = "TeX90 Conference Proceedings",
	PAGES = "84-89",
	ORGANIZATION = "TeX Users Group",
	MONTH = "March", 
	YEAR = {1991}	}

@ARTICLE{herlihy:methodology,
	AUTHOR = "Maurice Herlihy",
	TITLE = "A Methodology for Implementing Highly Concurrent
	Data Objects",
	JOURNAL = {ACM Trans. Program. Lang. Syst.},
	VOLUME = {15},
	NUMBER = {5},
	PAGES = {745-770},
	MONTH = "November",
	YEAR = {1993}	}

@BOOK{Lamport:LaTeX,
	AUTHOR = "Leslie Lamport",
	TITLE = "LaTeX User's Guide and Document Reference Manual",
	PUBLISHER = "Addison-Wesley Publishing Company",
	ADDRESS = "Reading, Massachusetts",
	YEAR = "1986"	}

@BOOK{salas:calculus,
	AUTHOR = "S.L. Salas and Einar Hille",
	TITLE = "Calculus: One and Several Variable",
	PUBLISHER = "John Wiley and Sons",
	ADDRESS = "New York",
	YEAR = "1978"	}

@inproceedings{cataldo2006:coordination_reqs,
	Author = {Marcelo Cataldo and Patrick A. Wagstrom and James D. Herbsleb and Katheeln M. Carley},
	Booktitle = {CSCW '06, November 4--8},
	Location = {Banff, Alberta, Canada},
	Title = {Identification of Coordination Requirements: Implications for the Design of Collaboration and Awareness Tools},
	Year = {2006}}

@inproceedings{sabrian:re08,
	Author = {Sabrina Marczak and  Daniela Damian and Ulrike Stege and Adrian Schr{\"o}ter},
	Booktitle = {RE '08, September 8--12},
	Location = {Barcelona, Spain},
	Title = {Information Brokers in Requirement-Dependent Social Networks },
	Year = {2008}}

@techreport{wolf:tr2008,
	   title={{Communication, Coordination and Integration}},
	   author={Timo Wolf and Adrian Schr{\"o}ter and Daniela Damian and Thanh Nguyen},
	   year={2008},
	   month={June},
	   institution={University of Victoria},
}

