@url{jazz,
	title={{Jazz Community Site}: http://jazz.net}
}

@inproceedings{panjer:tr2007,
    title={{Jazz Team Communication Tools}},
    author={Lucas D. Panjer and Irwin Kwan},
    year={2007},
    Booktitle = {{Jazz Birds of a Feather at OOPSLA (OOPSLA Jazz BoF 2007)}},
    institution={University of Victoria},
}


@inproceedings{Nguyen:2008Distance,
	Author = {Thanh Nguyen and Timo Wolf and Daniela Damian},
	Booktitle = {{Proceedings of the 3rd International Conference on Global Software Engineering (ICGSE 2008)}},
	Month = {August},
	Publisher = {IEEE Computer Society},
	Title = {{Global software development and delay: Does distance still matter?}},
	Year = {2008}}

@techreport{wolf:tr2008,
    title={{Communication, Coordination and Integration}},
    author={Timo Wolf and Adrian Schr{\"o}ter and Daniela Damian and Thanh Nguyen},
    year={2008},
    month={June},
    number={DCS-322-IR},
    institution={University of Victoria},
}

@article{wolf:ieee2009,
	 author={Timo Wolf and Adrian Schr{\"o}ter and Daniela Damian and Thanh Nguyen and Lucas D. Panjer},
	Journal = {IEEE Software Special Issue on Mining s Repositories, to Appear},	
    Title = {{Mining Task-based Social Networks to Explore Collaboration in Software Teams}},
	Year = {2009}}
	
 @article{damian2007dmk,
title = {Collaboration Patterns and the Impact of Distance on Awareness in Requirements-Centred Social Networks},
annote = {studies the structure and evolution of a global community working on requirements doucment for a commercial IT project in Brazil.},
author = {Daniela Damian and Sabrina Marczak and Irwin Kwan},
journal = { 15th IEEE International Conference on Requirements Engineering (RE 2007)},
pages = {59-68},
year = {15-19 Oct. 2007},
description = {my huge bibtex},
date-added = {2008-03-07 21:04:51 -0800}, date-modified = {2008-03-07 21:07:17 -0800}, bdsk-url-1 = {http://dx.doi.org/10.1109/RE.2007.14}, issn = {1090-705X}, doi = {10.1109/RE.2007.14},
keywords = {imported }
} 

@inproceedings{sabrina:re08,
	Author = {Sabrina Marczak and  Daniela Damian and Ulrike Stege and Adrian Schr{\"o}ter},
	Booktitle = {16th IEEE International Conference on Requirements Engineering (RE 2008)},
     month = {September 8--12},
	Location = {Barcelona, Spain},
	Title = {Information Brokers in Requirement-Dependent Social Networks },
	Year = {2008}}
	
@inproceedings{irecose08,
 author = {Li-Te Cheng and Daniela Damian and Gail Murphy and Adrian Schr{\"o}ter},
 title = {{iReCoSE 2008 - 1st International Workshop on Integrated Support or Integrated Overhead? Infrastructure for Research in Collaborative Software Engineering}},
 booktitle = {{Proccedings of the16th ACM SIGSOFT International Symposium on the Foundation of Software Engineering}},
 year = {2008},
 location = {Atlanta, US},
 publisher = {ACM},
 address = {New York, NY, USA},
 }
 
 @inproceedings{schroeter-isese-2006b,
    title = "If Your Bug Database Could Talk... (Short Paper)",
    author = "Adrian Schr{\"o}ter and Thomas Zimmermann and Rahul Premraj and Andreas Zeller",
    year = "2006",
    month = "September",
    booktitle = "Proceedings of the 5th International Symposium on Empirical Software Engineering. Volume II: Short
Papers and Posters",
    location = "Rio de Janeiro, Brazil",
    pages = "18--20",
}

@inproceedings{schroeter:2008rsse,
	Author = {Adrian Schr{\"o}ter and Irwin Kwan and Lucas D. Panjer and Daniela Damian},
	Booktitle = {{Proceedings of the 1st Workshop on Recommender Systems in Software Engineering (RSSE 2008)}},
	Month = {November},
	 location = {Atlanta, US},
 publisher = {ACM},
 address = {New York, NY, USA},
	Title = {{Chat to Succeed}},
	Year = {2008}}
	
@inproceedings{panjer:2008:chase,
 author = {Lucas D. Panjer and Daniela Damian and Margaret-Anne Storey},
 title = {Cooperation and coordination concerns in a distributed software development project},
 booktitle = {CHASE '08: Proceedings of the 2008 international workshop on Cooperative and human aspects of software engineering},
 year = {2008},
 isbn = {978-1-60558-039-5},
 pages = {77--80},
 location = {Leipzig, Germany},
 doi = {http://doi.acm.org/10.1145/1370114.1370134},
 publisher = {ACM},
 address = {New York, NY, USA},
 }
