@url{jazz,
	title={{Jazz Community Site}: http://jazz.net}
}

@book{Wasserman:1994dz,
	Author = {Wasserman, S. and Faust, K.},
	Publisher = {Cambridge University Press},
	Title = {{Social Network Analysis: Methods and Applications}},
	Year = {1994}}


@article{Frost:2007ff,
	Author = {Randall Frost},
	Journal = {IEEE Software},
	Number = {06},
	Pages = {114-117},
	Title = {{Jazz and the Eclipse Way of Collaboration}},
	Volume = {24},
	Year = {2007}}

@inproceedings{msr07:weissgerber,
 author = {Peter Weissgerber and Mathias Pohl and Michael Burch},
 title = {{Visual Data Mining in Software Archives to Detect How Developers Work Together}},
 booktitle = {MSR '07: Proceedings of the Fourth International Workshop on Mining Software Repositories},
 year = {2007},
 isbn = {0-7695-2950-X},
 pages = {9},
 doi = {http://dx.doi.org/10.1109/MSR.2007.34},
 publisher = {IEEE Computer Society},
 address = {Washington, DC, USA},
 }

@inproceedings{msr07:valetto,
 author = {Giuseppe Valetto and Mary Helander and Kate Ehrlich and Sunita Chulani and Mark Wegman and Clay Williams},
 title = {{Using Software Repositories to Investigate Socio-technical Congruence in Development Projects}},
 booktitle = {MSR '07: Proceedings of the Fourth International Workshop on Mining Software Repositories},
 year = {2007},
 isbn = {0-7695-2950-X},
 pages = {25},
 doi = {http://dx.doi.org/10.1109/MSR.2007.33},
 publisher = {IEEE Computer Society},
 address = {Washington, DC, USA},
 }

@inproceedings{msr06:bird,
 author = {Christian Bird and Alex Gourley and Prem Devanbu and Michael Gertz and Anand Swaminathan},
 title = {{Mining email social networks}},
 booktitle = {MSR '06: Proceedings of the 2006 international workshop on Mining software repositories},
 year = {2006},
 isbn = {1-59593-397-2},
 pages = {137--143},
 location = {Shanghai, China},
 doi = {http://doi.acm.org/10.1145/1137983.1138016},
 publisher = {ACM},
 address = {New York, NY, USA},
 }

 @inproceedings{msr04:lopez,
title = {{Applying Social Network Analysis to the Information in CVS Repositories}},
author = {Luis Lopez-Fernandez and Gregorio Robles and Jesus M. Gonzalez-Barahona},
booktitle = {Proceedings 1st International Workshop on Mining Software Repositories},
month = {May},
pages = {101--105},
year = {2004},
description = {analysing libre software projects with network analysis explains basic concepts of social network analysis},
keywords = {analysis basic cvs msr networks }
} 

@inproceedings{fse08:pinziger,
 author = {Martin Pinziger and Nachiappan Nagappan and Brendan Murphy},
 title = {Can Developer Social Networks Predict Failures?},
 booktitle = {FSE '08: Proceedings of the the ACM SIGSOFT symposium on The foundations of software engineering},
 year = {2008},
 isbn = {},
 pages = {},
 location = {Atlanta, USA},
 doi = {},
 publisher = {ACM},
 address = {New York, NY, USA},
 }

@inproceedings{fse08:meneely,
 author = {Andrew Meneely and Laurie Williams and Will Snipes and Janson sborn},
 title = {Predicting Failures with Developer Networks and Social Network Analysis},
 booktitle = {FSE '08: Proceedings of the the ACM SIGSOFT symposium on The foundations of software engineering},
 year = {2008},
 isbn = {},
 pages = {},
 location = {Atlanta, USA},
 doi = {},
 publisher = {ACM},
 address = {New York, NY, USA},
 }

@inproceedings{fse08:bird,
 author = {Christian Bird and David Pattison and Raissa D'Souza},
 title = {Chapels in the Bazaar? Latent Social Structure in OSS},
 booktitle = {FSE '08: Proceedings of the the ACM SIGSOFT symposium on The foundations of software engineering},
 year = {2008},
 isbn = {},
 pages = {},
 location = {Atlanta, USA},
 doi = {},
 publisher = {ACM},
 address = {New York, NY, USA},
 }

@inproceedings{fse07:fritz,
 author = {Thomas Fritz and Gail C. Murphy and Emily Hill},
 title = {Does a programmer's activity indicate knowledge of code?},
 booktitle = {ESEC-FSE '07: Proceedings of the the 6th joint meeting of the European software engineering conference and the ACM SIGSOFT symposium on The foundations of software engineering},
 year = {2007},
 isbn = {978-1-59593-811-4},
 pages = {341--350},
 location = {Dubrovnik, Croatia},
 doi = {http://doi.acm.org/10.1145/1287624.1287673},
 publisher = {ACM},
 address = {New York, NY, USA},
 }

@inproceedings{msr07:minto,
 author = {Shawn Minto and Gail C. Murphy},
 title = {{Recommending Emergent Teams}},
 booktitle = {MSR '07: Proceedings of the Fourth International Workshop on Mining Software Repositories},
 year = {2007},
 isbn = {0-7695-2950-X},
 pages = {5},
 doi = {http://dx.doi.org/10.1109/MSR.2007.27},
 publisher = {IEEE Computer Society},
 address = {Washington, DC, USA},
 }

@inproceedings{msr05:ohira,
 author = {Masao Ohira and Naoki Ohsugi and Tetsuya Ohoka and Ken-ichi Matsumoto},
 title = {Accelerating cross-project knowledge collaboration using collaborative filtering and social networks},
 booktitle = {MSR '05: Proceedings of the 2005 international workshop on Mining software repositories},
 year = {2005},
 isbn = {1-59593-123-6},
 pages = {1--5},
 location = {St. Louis, Missouri},
 doi = {http://doi.acm.org/10.1145/1083142.1083163},
 publisher = {ACM},
 address = {New York, NY, USA},
 }

@inproceedings{icse08:nagappan,
 author = {Nachiappan Nagappan and Brendan Murphy and Victor Basili},
 title = {{The influence of organizational structure on software quality: an empirical case study}},
 booktitle = {ICSE '08: Proceedings of the 30th international conference on Software engineering},
 year = {2008},
 isbn = {978-1-60558-079-1},
 pages = {521--530},
 location = {Leipzig, Germany},
 doi = {http://doi.acm.org/10.1145/1368088.1368160},
 publisher = {ACM},
 address = {New York, NY, USA},
 }

@inproceedings{icse08:zimmermann,
 author = {Thomas Zimmermann and Nachiappan Nagappan},
 title = {{Predicting defects using network analysis on dependency graphs}},
 booktitle = {ICSE '08: Proceedings of the 30th international conference on Software engineering},
 year = {2008},
 isbn = {978-1-60558-079-1},
 pages = {531--540},
 location = {Leipzig, Germany},
 doi = {http://doi.acm.org/10.1145/1368088.1368161},
 publisher = {ACM},
 address = {New York, NY, USA},
 }

@inproceedings{icse07:kim,
 author = {Sunghun Kim and Thomas Zimmermann and E. James Whitehead Jr. and Andreas Zeller},
 title = {Predicting Faults from Cached History},
 booktitle = {ICSE '07: Proceedings of the 29th international conference on Software Engineering},
 year = {2007},
 isbn = {0-7695-2828-7},
 pages = {489--498},
 doi = {http://dx.doi.org/10.1109/ICSE.2007.66},
 publisher = {IEEE Computer Society},
 address = {Washington, DC, USA},
 }

@inproceedings{Nguyen:2008Distance,
	Author = {Thanh Nguyen and Timo Wolf and Daniela Damian},
	Booktitle = {{Proceedings of the 3rd International Conference on Global Software Engineering (ICGSE 2008)}},
	Month = {August},
	Publisher = {IEEE Computer Society},
	Title = {{Global software development and delay: Does distance still matter?}},
	Year = {2008}}

@article{Borgatti:2000kl,
	Author = {Stephen P. Borgatti and Martin G. Everett},
	Journal = {Social Networks},
	Number = {4},
	Pages = {375-395},
	Title = {{Models of core/periphery structures}},
	Volume = {21},
	Year = {2000}}
	
@article{Seidman:1983sn,
	Author = {S. B. Seidman},
	Journal = {Social Networks},
	Pages = {269-287},
	Title = {{Network structure and minimum degree}},
	Volume = {5},
	Year = {1983}}
	
@article{Everett:2005dn,
	Author = {Martin G. Everett and Stephen P. Borgatti},
	Chapter = {4},
	Editor = {Peter J. Carrington and John Scott and Stanley Wasserman},
	Number = {28},
	Pages = {57--77},
	Publisher = {Cambridge University Press},
	Journal = {Structural Analysis in the Social Sciences},
	Title = {Extending Centrality},
	Year = {2005}}

@techreport{wolf:tr2008,
    title={{Communication, Coordination and Integration}},
    author={Timo Wolf and Adrian Schr{\"o}ter and Daniela Damian and Thanh Nguyen},
    year={2008},
    month={June},
    number={DCS-322-IR},
    institution={University of Victoria},
}

@inproceedings{ehrlich:2008stc,
	Author = {K. Ehrlich and  M. Helander and G. Valetto and S. Davies and C. Williams},
	Booktitle = {{Socio-Technical Congruence Workshop at the ICSE conference}},
	Month = {May},
	Title = {{An Analysis of Congruence Gaps and Their Effect on Distributed Software Development}},
	Year = {2008}}
	
	
@inproceedings{herbsleb:2008fse,
 author = {James D. Herbsleb and Audris Mockus},
 title = {Formulation and preliminary test of an empirical theory of coordination in software engineering},
 booktitle = {ESEC/FSE-11: Proceedings of the 9th European Software Engineering Conference held jointly with 11th ACM SIGSOFT International Symposium on Foundations of Software Engineering},
 year = {2003},
 isbn = {1-58113-743-5},
 pages = {138--137},
 location = {Helsinki, Finland},
 doi = {http://doi.acm.org/10.1145/940071.940091},
 publisher = {ACM},
 address = {New York, NY, USA},
 }




